@article{meshing,
	author = "J.P. D’Amato and M. Vénere",
	title = "A CPU–GPU framework for optimizing the quality of large meshes",
	journal = "Journal of Parallel and Distributed Computing",
	volume = "73",
	pages = "1127–-1134",
	year = "2013"
}

@article{assembling,
	author = "Cris Cecka and Adrian J. Lew and E. Darve",
	title = "Assembly of finite element methods on graphics processors",
	journal = "INTERNATIONAL JOURNAL FOR NUMERICAL METHODS IN ENGINEERING",
	year = "2010",
	DOI = "10.1002/nme.2989"
}

@article{biconjugate,
	author = {G. Ortega and E.M. Garzón and F. Vázquez and I. García},
	title = "The BiConjugate gradient method on GPUs",
	journal = "The Journal of Supercomputing",
	volume = 64,
	pages = {49–-58},
	year = "2013",
	DOI = "10.1007/s11227-012-0761-2"
}


@article{matrix-vector-mult,
	author = "István Reguly, Mike Giles",
	title = "Efficient sparse matrix-vector multiplication on cache-based GPUs",
	journal = "Innovative Parallel Computing (InPar)",
	year = "2012",
	DOI = "10.1109/InPar.2012.6339602"
}

@article{sparse-solvers,
	author = "Jeff Bolz and Ian Farmerand Eitan Grinspun and Peter Schr{\H o}oder",
	title = "Sparse Matrix Solvers on the GPU: Conjugate Gradients and Multigrids",
	journal = "SIGGRAPH '03 ACM SIGGRAPH 2003",
	year = "2003"
}

@conference{navierstokes,
	author = {Huynh Quang Huy Viet, Suito Hiroshi}, 
	title = {A GPU Parallel Solver for 3D Incompressible Navier--Stokes Equations Discretized by Stabilized Finite Element},
	organization = {Computational Fluid Dynamics Symposium},
}

@phdthesis{phdthesis-navierstokes,
	author = {Aissa, M.H}, 
	title = {GPU-accelerated CFD Simulations for Turbomachinery Design Optimization},
	school = {Delft University of Technology},
	year = 2017,
	DOI = {https://doi.org/10.4233/uuid:1fcc6ab4-daf5-416d-819a-2a7b0594c369},
	ISBN = {978-2-87516-123-9}
}

@book{gresho-fem,
	author    = {P. M. Gresho, R. L. Sani}, 
	title     = {Incompressible Flow and the Finite Element Method},
	publisher = {Wiley},
	year      = 1999,
	volume    = 1,
	isbn      = {0471967890}
}

@book{davis-sparse,
	author = {Timothy A. Davis},
	title = {Direct Methods for Sparse Linear Systems (Fundamentals of Algorithms)},
	publisher = {Society for Industrial and Applied Mathematics},
	year = 2006,
	isbn = {0898716136}
	
}

@book{saad-sparse,
	author = { Yousef Saad},
	title = {Iterative Methods for Sparse Linear Systems},
	publisher = {Society for Industrial and Applied Mathematics},
	year = 2003,
	isbn = {0898715342}
}

@Book{ISO:2017:IIIa,
  author =       "{ISO}",
  title =        "{ISO\slash IEC 14882:2017 Information technology ---
                 Programming languages --- C++}",
  publisher =    pub-ISO,
  address =      pub-ISO:adr,
  edition =      "Fifth",
  pages =        "1605",
  month =        dec,
  year =         "2017",
  bibdate =      "Wed Feb 21 06:49:12 2018",
  bibsource =    "http://www.math.utah.edu/pub/tex/bib/isostd.bib",
  URL =          "https://www.iso.org/standard/68564.html",
  acknowledgement = ack-nhfb,
  remark =       "Revises ISO/IEC 14882:2014.",
}

@article{Chorin-operator-split,
title = {THE NUMERICAL SOLUTION OF THE NAVIER--STOKES EQUATIONS FOR AN INCOMPRESSIBLE FLUID.},
author = {Chorin, A J},
url = {https://www.osti.gov/biblio/4568862}, 
year = {1968},
journal={Mathematics of Computation},
volume={22},
pages={745-762}
}

@inproceedings{dfg-problem,
  title={Benchmark Computations of Laminar Flow Around a Cylinder},
  author={S. Tureka},
  year={1996},
journal={Flow Simulation with High-Performance Computers II. Notes on Numerical Fluid Mechanics (NNFM)},
volume={48}
}

@book{Bridson,
	author = {Robert Bridson},
	title = {Fluid Simulation for Computer Graphics},
	publisher = {A K Peters/CRC Press (September 18, 2008)},
	year = 2016,
	isbn = {1568813260}
}

@book{CUDA-by-example,
    author={Jason Sanders, Edward Kandrot},
    title={CUDA by example : an introduction to general-purpose GPU programming},
    publisher={Addison-Wesley Professional},
    year=2010,
    isbn={0132180138}
}

@article{Balanced-KD-Tree,
  title={Building a Balanced k-d Tree in O(kn log n) Time},
  author={Russell A. Brown},
  journal={ArXiv},
  year={2014},
  volume={abs/1410.5420}
}

@book{Larson-Bengzon,
    author={Mats G. Larson, Fredrik Bengzon},
    title={The Finite Element Method: Theory, Implementation, and Applications (Texts in Computational Science and Engineering, 10)},
    publisher={Springer},
    year=2013,
    isbn={3642332862}
}

@article{MT-PCG-NV,
    author={Maxim Naumov},
    title={Parallel Incomplete-LU and Cholesky Factorization in the Preconditioned Iterative Methods on the GPU},
    url={https://research.nvidia.com/sites/default/files/pubs/2012-05_Incomplete-LU-and-Cholesky/nvr-2012-003.pdf}
}

@article{Fract-Seim-Lag,
author = {Xiu, Dongbin and Karniadakis, George},
year = {2001},
month = {09},
pages = {658-684},
title = {A Semi-Lagrangian High-Order Method for Navier–Stokes Equations},
volume = {172},
journal = {Journal of Computational Physics},
doi = {10.1006/jcph.2001.6847}
}

@book{GPU-Gems,
    title={GPU Gems: Programming Techniques, Tips and Tricks for Real-Time Graphics},
    isbn={0321228324}
}

@article{MAC-Grid-Original,
    title={Numerical calculation of time-dependent viscous incompressible flow of fluid with a free surface},
    year={1965},
    author = {Francis H. Harlow, J. Eddie Welch},
    journal = {The Physics of Fluids},
    volume = {8}
}

@INPROCEEDINGS{MAC-Grid-Paper,
    author = {Carlos Eduardo Scheidegger and Joao Luiz Dihl Comba and Rudnei Dias da Cunha},
    title = {Navier-Stokes on Programmable Graphics Hardware Using SMAC},
    booktitle = {In Proceedings of XVII SIBGRAPI – II SIACG},
    year = {2004},
    pages = {300--307},
    publisher = {IEEE Press}
}

@manual{x86-manual,
title={Intel® 64 and IA-32 Architectures Software Developer’s Manual},
year={2021},
URL = "https://www.intel.com/content/www/us/en/developer/articles/technical/intel-sdm.html"
}

@book{introduction-to-algorithms,
   title={Introduction to Algorithms},
   author={Thomas H. Cormen and Charles E. Leiserson and Ronald L. Rivest and Clifford Stein},
   publisher={MIT Press},
   isbn={0262033844; 9780262033848},
   year={2009},
   edition={3}
}

@article{pick,
title={Time bounds for selection},
author={Manuel Blum and Robert W.Floyd and Vaughan Pratt and Ronald L.Rivest and Robert E.Tarjan},
journal={Journal of Computer and System Sciences},
volume = {7},
pages = "448--461",
year = "1973",
doi={10.1016/S0022-0000(73)80033-9}
}

@book{pbrt,
   title =     {Physically Based Rendering. From Theory to Implementation},
   author =    {Matt Pharr, Wenzel Jakob, Greg Humphreys},
   publisher = {Morgan Kaufmann},
   isbn =      {0128006455; 9780128006450; 9780080512846; 0080512844; 9780128007099; 0128007095; 9780585453767; 0585453764; 9781558607873; 1558607870},
   year =      {2002},
   series =    {Morgan Kaufmann series in computer graphics and geometric modeling},
   edition =   {3}
}

@book{knn-ai,
   title =     {Mastering Machine Learning Algorithms Expert techniques for implementing popular machine learning algorithms, fine-tuning your models, and understanding how they work},
   author =    {Bonaccorso, Giuseppe},
   publisher = {Packt Publishing},
   isbn =      {9781838821913; 1838821910},
   year =      {2020;2018},
   edition =   {2}
}

@book{semi-lagrangian-stability,
   title =     {Numerical Methods for Wave Equations in Geophysical Fluid Dynamics},
   author =    {Dale R. Durran},
   publisher = {Springer New York},
   isbn =      {9781441931214; 144193121X; 9781475730814; 1475730810},
   year =      {1999},
   series =    {Texts in Applied Mathematics}
}

@book{operator-split,
   title =     {Numerical Solution of Time-Dependent Advection-Diffusion-Reaction Equations},
   author =    {Willem Hundsdorfer, Jan Verwer},
   publisher = {Springer-Verlag Berlin Heidelberg},
   isbn =      {9783642057076; 3642057071; 9783662090176; 3662090171},
   year =      {2003},
   series =    {Springer Series in Computational Mathematics    №33},
   edition =   {1},
}

